<record><leader>00000cas a22000007a 4500</leader><controlfield tag="001">11347182</controlfield><controlfield tag="008">841105d18591861iluwr ne      0    0eng d</controlfield><datafield ind1=" " ind2=" " tag="010"><subfield code="a">sn 84038577 </subfield></datafield><datafield ind1=" " ind2=" " tag="040"><subfield code="a">NPX</subfield><subfield code="b">eng</subfield><subfield code="c">NPX</subfield><subfield code="d">OCLCQ</subfield></datafield><datafield ind1=" " ind2=" " tag="042"><subfield code="a">msc</subfield></datafield><datafield ind1="0" ind2="4" tag="245"><subfield code="a">The Onarga Mercury.</subfield></datafield><datafield ind1=" " ind2=" " tag="260"><subfield code="a">Onarga, Ill. :</subfield><subfield code="b">Davis &amp; Bockus</subfield></datafield><datafield ind1=" " ind2=" " tag="300"><subfield code="a">v.</subfield></datafield><datafield ind1=" " ind2=" " tag="310"><subfield code="a">Weekly</subfield></datafield><datafield ind1="1" ind2=" " tag="362"><subfield code="a">Began in 1859; ceased in 1861.</subfield><subfield code="z">Cf. James, E.J. Bibl. of newspapers published in Ill. prior to 1860.</subfield></datafield><datafield ind1=" " ind2=" " tag="500"><subfield code="a">Publishers: McKee, Davis &amp; Bockus.</subfield></datafield><datafield ind1=" " ind2=" " tag="500"><subfield code="a">"Neutral."</subfield></datafield><datafield ind1=" " ind2=" " tag="588"><subfield code="a">Description based on: Vol. 1, no. 18 (Dec. 17, 1859).</subfield></datafield><datafield ind1=" " ind2=" " tag="752"><subfield code="a">United States</subfield><subfield code="b">Illinois</subfield><subfield code="c">Iroquois</subfield><subfield code="d">Onarga.</subfield></datafield></record>